@ARTICLE{article:semweb,
  author = {Tim Berners-Lee and James Hendler and Ora Lassila},
  title = {The Semantic Web},
  journal = {Scientific American Magazine},
  year = {March 26, 2008},
}

@BOOK{web:rdf,
  author = {},
  title = {{RDF}},
  publisher = {http://www.w3.org/TR/rdf-concepts/}
}

@BOOK{web:owl,
  author = {},
  title = {{OWL}},
  publisher = {http://www.w3.org/TR/owl-semantics/}
}

@BOOK{web:sparql,
  author = {},
  title = {{SPARQL}},
  publisher = {http://www.w3.org/TR/rdf-sparql-query/}
}

@ARTICLE{article:lod,
  author = {Tom Heath and Christian Bizer},
  title = {Linked Data: Evolving the Web into a Global Data Space},
  journal = {Synthesis Lectures on the Semantic Web: Theory and Technology},
  year = {2011},
}

@BOOK{web:void,
  author = {},
  title = {{VoID}},
  publisher = {http://www.w3.org/TR/void/}
}

@BOOK{web:rdfs,
  author = {},
  title = {{RDF Schema}},
  publisher = {http://www.w3.org/TR/rdf-schema/}
}

@BOOK{web:dublincore,
  author = {},
  title = {{Dublin Core Metadata initiative}},
  publisher = {http://dublincore.org/}
}

@ARTICLE{article:void,
  author = {Keith Alexander and Richard Cygainiak and Michael Hausenblas and Jun Zhao},
  title = {On the Design and Usage of voiD, the "Vocabulary Of Interlinked Datasets"},
  publisher = {LDOW},
  year = {2009}
}

@ARTICLE{article:voidauto,
  author = {Christoph B\"ohm and Johannes Lorey and Dandy Fenz and Eyk Kny and Mattias Pohl and Felix Naumann},
  title = {{Creating voiD Descriptions for Web-scale Data}},
  year = {2010}
}

@BOOK{web:btc,
  author = {},
  title = {{Billion Triples Challenge Dataset}},
  publisher = {http://km.aifb.kit.edu/projects/btc-2012/}
}

@BOOK{web:silk,
  author = {},
  title = {{Silk Framework}},
  publisher = {http://wifo5-03.informatik.uni-mannheim.de/bizer/silk/}
}

